@book{quelle01,
    author = "Wolfgang Demtröder",
    title = "Experimentalphysik 3",
    edition = "5",
    year = "2016",
    publisher = "Springer"
}
@manual{quelle02,
    author = "Technische Universität Dortmund",
    title = "V27 - Zeeman-Effekt",
    year = "2019",
}
@online{quelle03,
    title = "Pieter Zeeman - Facts",
    url = "https://www.nobelprize.org/prizes/physics/1902/zeeman/facts/",
}
@online{quelle04,
    title = "Zeeman Effekt",
    url = "http://www.semibyte.de/wp/graphicslibrary/gl-physics/zeeman-effekt/",
}
@book{quelle05,
    author = "Joachim Heintze and Peter Bock",
    title = "Lehrbuch zur Experimentalphysik Band 5: Quantenphysik",
    year = "2019",
    publisher = "Springer, Berlin, Heidelberg"
}
@online{quelle06,
    title = "Strahlengang im Resonator",
    url = "https://upload.wikimedia.org/wikipedia/commons/8/84/Confokal_Resonator.png",
}

