@online{quelle01,
    title = "Optisches Pumpen",
    url = "https://github.com/chrbeckm/tudo-physik-fp/blob/master/v21-m-optisches-pumpen/pdf/V21-anleitung1.pdf",
}
@online{quelle02,
    title = "Ableitung der Planckschen Strahlungsformel nach Einstein",
    url = "https://www.uni-ulm.de/fileadmin/website_uni_ulm/nawi.inst.251/Didactics/quantenchemie/html/AbleitF.html",
}
@online{chemgapedia,
    title = "(Rb) Rubidium",
    url = "http://www.chemgapedia.de/vsengine/vlu/vsc/de/ch/11/aac/vorlesung/kap_3/vlu/elemente.vlu/Page/vsc/de/ch/11/aac/vorlesung/kap_3/pse/datenblaetter/element_rb.vscml.html",
}
@online{periodensysteminfo,
    title = "Rubidium: Kerndaten",
    url = "http://www.periodensystem.info/elemente/rubidium/",
}



