@manual{quelle01,
    author = "Technische Universität Dortmund",
    title = "V18 - Hochreine Germaniumdetektoren in der Gamma-Spektrometrie",
    year = "2019",
}
@inbook{quelle02,
    publisher = {John Wiley and Sons, Ltd},
    isbn = {9780470861981},
    title = {Interactions of Gamma Radiation with Matter},
    booktitle = {Practical Gamma‐Ray Spectrometry},
    chapter = {2},
    pages = {25-38},
    url = {https://onlinelibrary.wiley.com/doi/abs/10.1002/9780470861981.ch2},
    year = {2008},
}
@book{quelle03,
    author    = {Hermann Kolanoski and Norbert Wermes},
    title     = {Teilchendetektoren - Grundlagen und Anwendungen},
    publisher = {Springer-Verlag Berlin Heidelberg},
    series   = {Springer Tracts in Modern Physics},
    year      = {2016},
    doi = {10.1007/978-3-662-45350-6},
}
@online{Periodensystem,
  author = {Periodensystem.Online},
  title = {Europium-152},
  url = {http://www.periodensystem-online.de/index.php?id=isotope&el=63&mz=152&show=nuklid&sel=},
  urldate = {2020-07-18}
}
@online{uncertainties,
  title = {uncertainties package},
  url = {https://pythonhosted.org/uncertainties/},
  urldate = {2020-07-18}
}
@Article{Hunter:2007,
  Author    = {Hunter, J. D.},
  Title     = {Matplotlib: A 2D graphics environment},
  Journal   = {Computing in Science \& Engineering},
  Volume    = {9},
  Number    = {3},
  Pages     = {90--95},
  abstract  = {Matplotlib is a 2D graphics package used for Python for
  application development, interactive scripting, and publication-quality
  image generation across user interfaces and operating systems.},
  publisher = {IEEE COMPUTER SOC},
  doi       = {10.1109/MCSE.2007.55},
  year      = 2007
}
@Misc{Scipy,
  author =    {Eric Jones and Travis Oliphant and Pearu Peterson and others},
  title =     {{SciPy}: Open source scientific tools for {Python}},
  year =      {2001--},
  url = "http://www.scipy.org/"
}
@online{Datenbank,
  title =     {Laboratoire National Henri Becquerel},
  url = {http://www.nucleide.org/Laraweb/index.php},
  urldate = {2020-07-18}
}
@online{Bundesamt,
  author = {Bundesamt für Strahlenschutz},
  title = {Radionuklide in Nahrunsmitteln},
  url = {https://www.bfs.de/DE/themen/ion/umwelt/lebensmittel/einfuehrung/einfuehrung.html},
  urldate = {2020-07-18}
}
