@book{quelle01,
    author = "Rudolf Gross und Achim Marx",
    title = "Festkörperphysik",
    edition = "3",
    year = "2018",
    publisher = "De Gruyter"
}
@manual{quelle02,
    author = "Technische Universität Dortmund",
    title = "Anhang 1, V46 - Faraday-Effekt an Halbleitern",
    year = "2019",
}
@manual{quelle03,
    author = "Technische Universität Dortmund",
    title = "V46 - Faraday-Effekt an Halbleitern",
    year = "2019",
}
@online{quelle04,
    author = "Filmmetrics",
    title = "Brechungsindex von Gallium-Arsenide",
    url = "https://www.filmetrics.de/refractive-index-database/GaAs/Gallium-Arsenide",
}
@online{quelle05,
    title = "GaAs - Gallium Arsenide, Basic Parameters at 300 K",
    url = "http://www.ioffe.ru/SVA/NSM/Semicond/GaAs/basic.html",
}
